@INPROCEEDINGS{NewMethod:2018,  
    author={Xie, Guannan and Chen, Huifang and Xie, Lei and Wang, Kuang},  
    booktitle={2018 IEEE 18th International Conference on Communication Technology (ICCT)},
    title={A Dynamic Packet Scheduling Method for Multipath TCP in Heterogeneous Wireless Networks},
    year={2018},  
    volume={},  
    number={},  
    pages={678-682},  
    doi={10.1109/ICCT.2018.8600179}
    }

@ARTICLE{PacketSchedulingServe:2018,
  author={Kimura, Bruno Y. L. and Lima, Demetrius C. S. F. and Loureiro, Antonio A. F.},
  journal={IEEE Systems Journal}, 
  title={Packet Scheduling in Multipath TCP: Fundamentals, Lessons, and Opportunities}, 
  year={2021},
  volume={15},
  number={1},
  pages={1445-1457},
  doi={10.1109/JSYST.2020.2965471}
  }

@ARTICLE{Performance:2019,
  author={Dong, Pingping and Xie, Jingyun and Tang, Wensheng and Xiong, Naixue and Zhong, Hua and Vasilakos, Athanasios V.},
  journal={IEEE Access}, 
  title={Performance Evaluation of Multipath TCP Scheduling Algorithms}, 
  year={2019},
  volume={7},
  number={},
  pages={29818-29825},
  doi={10.1109/ACCESS.2019.2898110}
  }
  
 @ARTICLE{MPTCPoverview:2012,
  author={Bonaventure, Olivier ; Handley, Mark ; Raiciu, Costin},
  journal={login:}, 
  title={An Overview of Multipath TCP}, 
  year={2012},
  volume={37},
  number={5},
  pages={17-23},
  url={http://hdl.handle.net/2078.1/114081}
  }
  
  @book{Stevens:2011,
	 author = {W. Richard Stevens, and Fall, Kevin R},
	 title = {TCP/IP Illustrated: The Protocols},
	 year = {2011},
	 isbn = {0321336313},
	 volume={1},
	 edition = {2},
	 publisher = {Addison-Wesley Professional},
	 address = {Upper Saddle River, NJ, USA}
    }